@article{dong2020interactive,
  title={An interactive web-based dashboard to track COVID-19 in real time},
  author={Dong, Ensheng and Du, Hongru and Gardner, Lauren},
  journal={The Lancet infectious diseases},
  volume={20},
  number={5},
  pages={533--534},
  year={2020},
  publisher={Elsevier}
}

@article{d2020coronavirus,
  title={Coronavirus disease 2019 in geriatrics and long-term care: the ABCDs of COVID-19},
  author={D'Adamo, Heather and Yoshikawa, Thomas and Ouslander, Joseph G},
  journal={Journal of the American Geriatrics Society},
  volume={68},
  number={5},
  pages={912--917},
  year={2020},
  publisher={Wiley Online Library}
}

@article{wood2015package,
  title={Package ‘mgcv’},
  author={Wood, Simon and Wood, Maintainer Simon},
  journal={R package version},
  volume={1},
  pages={29},
  year={2015}
}

@misc{OMHL, 
title={A Guide to the Long-Term Care Homes Act, 2007 and Regulation 79/10}, 
url={http://www.health.gov.on.ca/en/public/programs/ltc/docs/ltcha_guide_phase1.pdf}, 
journal={A Guide to the Long-Term Care Homes Act, 2007 and Regulation}, 
publisher={ Ontario Ministry of Health and Long-Term Care}
}
@article{hsu2020understanding,
  title={Understanding the impact of COVID-19 on residents of Canada’s long-term care homes—ongoing challenges and policy responses},
  author={Hsu, Amy T and Lane, Natasha and Sinha, Samir K and Dunning, Julie and Dhuper, Misha and Kahiel, Zaina and Sveistrup, Heidi},
  journal={Londres (Royaume-Uni): International Long-Term Care Policy Network},
  volume={24},
  year={2020}
}

@article{liu2020covid,
  title={COVID-19 in long-term care homes in Ontario and British Columbia},
  author={Liu, Michael and Maxwell, Colleen J and Armstrong, Pat and Schwandt, Michael and Moser, Andrea and McGregor, Margaret J and Bronskill, Susan E and Dhalla, Irfan A},
  journal={CMAJ},
  volume={192},
  number={47},
  pages={E1540--E1546},
  year={2020},
  publisher={Can Med Assoc}
}

@online{covid19act, 
url={https://www.ontario.ca/page/covid-19-action-plan-long-term-care-homes}, 
title={COVID-19 action plan: long-term care homes. Version 1}, 
publisher={Government of Ontario}, 
year={2020}, 
month={Apr}
}

@article{gardner2020coronavirus,
  title={The coronavirus and the risks to the elderly in long-term care},
  author={Gardner, William and States, David and Bagley, Nicholas},
  journal={Journal of Aging \& Social Policy},
  pages={1--6},
  year={2020},
  publisher={Taylor \& Francis}
}


@online{cite1, 
url={https://covid-19.ontario.ca/data#testing-data-reporting-sources}, 
journal={COVID-19 case data: All Ontario},
publisher={Government of Ontario},
year={2020}, 
month={Dec}}

@online{cite2, 
title={Daily Epidemiologic Summary}, 
url={https://covid-19.ontario.ca/covid-19-epidemiologic-summaries-public-health-ontario}, 
journal={Public Health Ontario(PHO)}, 
publisher={Government of Ontario}, 
year={2020},
month={Mar},
annote = {Such report published daily and we have manually read them to extract the necessary information.}
}


@online{cite3, 
title={Long-Term Care Home COVID-19 Data}, 
url={https://data.ontario.ca/dataset/long-term-care-home-covid-19-data}, 
publisher={Government of Ontario}, 
year={2020},
month={Dec},
}